@inproceedings{csgd,
  title={Centripetal sgd for pruning very deep convolutional networks with complicated structure},
  author={Ding, Xiaohan and Ding, Guiguang and Guo, Yuchen and Han, Jungong},
  booktitle={Proceedings of the IEEE/CVF conference on computer vision and pattern recognition},
  pages={4943--4953},
  year={2019}
}

@article{2,
  title={Manipulating identical filter redundancy for efficient pruning on deep and complicated CNN},
  author={Ding, Xiaohan and Hao, Tianxiang and Han, Jungong and Guo, Yuchen and Ding, Guiguang},
  journal={arXiv preprint arXiv:2107.14444},
  year={2021}
}

@inproceedings{lfpc,
  title={Learning filter pruning criteria for deep convolutional neural networks acceleration},
  author={He, Yang and Ding, Yuhang and Liu, Ping and Zhu, Linchao and Zhang, Hanwang and Yang, Yi},
  booktitle={Proceedings of the IEEE/CVF conference on computer vision and pattern recognition},
  pages={2009--2018},
  year={2020}
}

@article{4,
  title={Soft filter pruning for accelerating deep convolutional neural networks},
  author={He, Yang and Kang, Guoliang and Dong, Xuanyi and Fu, Yanwei and Yang, Yi},
  journal={arXiv preprint arXiv:1808.06866},
  year={2018}
}

@inproceedings{amc,
  title={Amc: Automl for model compression and acceleration on mobile devices},
  author={He, Yihui and Lin, Ji and Liu, Zhijian and Wang, Hanrui and Li, Li-Jia and Han, Song},
  booktitle={Proceedings of the European conference on computer vision (ECCV)},
  pages={784--800},
  year={2018}
}

@inproceedings{fpgm,
  title={Filter pruning via geometric median for deep convolutional neural networks acceleration},
  author={He, Yang and Liu, Ping and Wang, Ziwei and Hu, Zhilan and Yang, Yi},
  booktitle={Proceedings of the IEEE/CVF conference on computer vision and pattern recognition},
  pages={4340--4349},
  year={2019}
}

@inproceedings{7,
  title={Channel pruning for accelerating very deep neural networks},
  author={He, Yihui and Zhang, Xiangyu and Sun, Jian},
  booktitle={Proceedings of the IEEE international conference on computer vision},
  pages={1389--1397},
  year={2017}
}

@article{Li.el,
  title={Pruning filters for efficient convnets},
  author={Li, Hao and Kadav, Asim and Durdanovic, Igor and Samet, Hanan and Graf, Hans Peter},
  journal={arXiv preprint arXiv:1608.08710},
  year={2016}
}

@inproceedings{hrank,
  title={Hrank: Filter pruning using high-rank feature map},
  author={Lin, Mingbao and Ji, Rongrong and Wang, Yan and Zhang, Yichen and Zhang, Baochang and Tian, Yonghong and Shao, Ling},
  booktitle={Proceedings of the IEEE/CVF conference on computer vision and pattern recognition},
  pages={1529--1538},
  year={2020}
}

@inproceedings{gdp,
  title={Accelerating Convolutional Networks via Global \& Dynamic Filter Pruning.},
  author={Lin, Shaohui and Ji, Rongrong and Li, Yuchao and Wu, Yongjian and Huang, Feiyue and Zhang, Baochang},
  booktitle={IJCAI},
  volume={2},
  number={7},
  pages={8},
  year={2018},
  organization={Stockholm}
}

@inproceedings{gal,
  title={Towards optimal structured cnn pruning via generative adversarial learning},
  author={Lin, Shaohui and Ji, Rongrong and Yan, Chenqian and Zhang, Baochang and Cao, Liujuan and Ye, Qixiang and Huang, Feiyue and Doermann, David},
  booktitle={Proceedings of the IEEE/CVF conference on computer vision and pattern recognition},
  pages={2790--2799},
  year={2019}
}

@inproceedings{metap,
  title={Metapruning: Meta learning for automatic neural network channel pruning},
  author={Liu, Zechun and Mu, Haoyuan and Zhang, Xiangyu and Guo, Zichao and Yang, Xin and Cheng, Kwang-Ting and Sun, Jian},
  booktitle={Proceedings of the IEEE/CVF international conference on computer vision},
  pages={3296--3305},
  year={2019}
}

@article{13,
  title={Thinet: pruning cnn filters for a thinner net},
  author={Luo, Jian-Hao and Zhang, Hao and Zhou, Hong-Yu and Xie, Chen-Wei and Wu, Jianxin and Lin, Weiyao},
  journal={IEEE transactions on pattern analysis and machine intelligence},
  volume={41},
  number={10},
  pages={2525--2538},
  year={2018},
  publisher={IEEE}
}

@article{autop,
  title={Autopruner: An end-to-end trainable filter pruning method for efficient deep model inference},
  author={Luo, Jian-Hao and Wu, Jianxin},
  journal={Pattern Recognition},
  volume={107},
  pages={107461},
  year={2020},
  publisher={Elsevier}
}

@inproceedings{15,
  title={Importance estimation for neural network pruning},
  author={Molchanov, Pavlo and Mallya, Arun and Tyree, Stephen and Frosio, Iuri and Kautz, Jan},
  booktitle={Proceedings of the IEEE/CVF conference on computer vision and pattern recognition},
  pages={11264--11272},
  year={2019}
}

@article{sasl,
  title={SASL: Saliency-adaptive sparsity learning for neural network acceleration},
  author={Shi, Jun and Xu, Jianfeng and Tasaka, Kazuyuki and Chen, Zhibo},
  journal={IEEE Transactions on Circuits and Systems for Video Technology},
  volume={31},
  number={5},
  pages={2008--2019},
  year={2020},
  publisher={IEEE}
}

@article{hp,
  title={Hybrid pruning: Thinner sparse networks for fast inference on edge devices},
  author={Xu, Xiaofan and Park, Mi Sun and Brick, Cormac},
  journal={arXiv preprint arXiv:1811.00482},
  year={2018}
}

@article{trp,
  title={Trp: Trained rank pruning for efficient deep neural networks},
  author={Xu, Yuhui and Li, Yuxi and Zhang, Shuai and Wen, Wei and Wang, Botao and Qi, Yingyong and Chen, Yiran and Lin, Weiyao and Xiong, Hongkai},
  journal={arXiv preprint arXiv:2004.14566},
  year={2020}
}

@inproceedings{nisp,
  title={Nisp: Pruning networks using neuron importance score propagation},
  author={Yu, Ruichi and Li, Ang and Chen, Chun-Fu and Lai, Jui-Hsin and Morariu, Vlad I and Han, Xintong and Gao, Mingfei and Lin, Ching-Yung and Davis, Larry S},
  booktitle={Proceedings of the IEEE conference on computer vision and pattern recognition},
  pages={9194--9203},
  year={2018}
}

@article{20,
  title={Discrimination-aware channel pruning for deep neural networks},
  author={Zhuang, Zhuangwei and Tan, Mingkui and Zhuang, Bohan and Liu, Jing and Guo, Yong and Wu, Qingyao and Huang, Junzhou and Zhu, Jinhui},
  journal={Advances in neural information processing systems},
  volume={31},
  year={2018}
}

@ARTICLE{SB,  
    author={Xie, Xiaoru and Lin, Jun and Wang, Zhongfeng and Wei, Jinghe},
    journal={IEEE Transactions on Circuits and Systems I: Regular Papers},
    title={An Efficient and Flexible Accelerator Design for Sparse Convolutional Neural Networks},
    year={2021},  
    volume={},  
    number={},  
    pages={1-14}
}

@ARTICLE{omni,  
    author={Liang, Yun and Lu, Liqiang and Xie, Jiaming},  
    journal={IEEE Transactions on Computer-Aided Design of Integrated Circuits and Systems},   
    title={OMNI: A Framework for Integrating Hardware and Software Optimizations for Sparse CNNs},   
    year={2020},  
    volume={},  
    number={},  
    pages={1-1},  
}

@ARTICLE{liuweiqiang,  
    author={Yuan, Tian and Liu, Weiqiang and Han, Jie and Lombardi, Fabrizio},
    journal={IEEE Transactions on Circuits and Systems I: Regular Papers},
    title={High Performance CNN Accelerators Based on Hardware and Algorithm Co-Optimization},  
    year={2021}, 
    volume={68},  
    number={1},  
    pages={250-263},  
}

@ARTICLE{shenhaibin,  
    author={Zhu, Chaoyang and Huang, Kejie and Yang, Shuyuan and Zhu, Ziqi and Zhang, Hejia and Shen, Haibin},  
    journal={IEEE Transactions on Very Large Scale Integration (VLSI) Systems},   
    title={An Efficient Hardware Accelerator for Structured Sparse Convolutional Neural Networks on FPGAs},   
    year={2020},  
    volume={28},  
    number={9},  
    pages={1953-1965},
}

@ARTICLE{M2,
    author={Sajid Anwar and Kyuyeon Hwang and Wonyong Sung},
    journal={ACM Journal on Emerging Technologies in Computing Systems},
    title={Structured Pruning of Deep Convolutional Neural Networks},
    year={2017},
    volume={13},
    number={3},
}

@ARTICLE{M3,
    author={Sajid Anwar and Wonyong Sung},
    journal={arXiv:1610.09639},
    title={Compact deep convolutional neural networks with coarse pruning},
    year={2016},
}

@INPROCEEDINGS{M21,
    author={Yihui He and Ji Lin and Zhijian Liu and Hanrui Wang and Li-Jia Li and Song Han},
    booktitle={Proceedings of the European Conference on Computer Vision},
    title={Amc: Automl for model compression and acceleration on mobile devices},
    year={2018},
    pages={784-800},
}


@INPROCEEDINGS{M22,
    author={Yihui He and Xiangyu Zhang and Jian Sun},
    booktitle={Proceedings of the IEEE International Conference on Computer Vision},
    title={Channel pruning for accelerating very deep neural networks},
    year={2017},
    pages={1389-1397},
}

@ARTICLE{M32,
      title={Pruning filters for efficient convnets}, 
      journal={arXiv:1608.08710},
      author={Hao Li and Asim Kadav and Igor Durdanovic and Hanan Samet and Hans Peter Gra},
      year={2016},
}

@INPROCEEDINGS{M40,
    author={Zelda Mariet and Suvrit Sra},
    booktitle={Proceedings of the International Conference on Learning Representations},
    title={Diversity networks},
    year={2016},
    pages={},
}

@ARTICLE{M25,
      title={Network trimming: A data-driven neuron pruning approach towards efficient deep architectures}, 
      journal={arXiv:1607.03250},
      author={Hengyuan Hu and  Rui Peng and Yu-Wing Tai and Chi-Keung Tang},
      year={2016},
}

@INPROCEEDINGS{M52,
    author={Tien-Ju Yang and Andrew Howard and Bo Chen and Xiao Zhang and Alec Go and  Mark Sandler and Vivienne Sze and Hartwig Adam},
    booktitle={Proceedings of the European Conference on Computer Vision},
    title={Netadapt: Platform-aware neural network adaptation for mobile applications},
    year={2018},
    pages={285-300},
}

@ARTICLE{M36,
  author={Zhuang Liu and Mingjie Sun and Tinghui Zhou and Gao Huang and Trevor Darrell},
  journal={arXiv preprint arXiv:1810.05270},   
  title={Rethinking the value of network pruning},   
  year={2018},  
}

@INPROCEEDINGS{M5,
    author={Gabriel Bender and Pieter-Jan Kindermans and Barret Zoph and Vijay Vasudevan and Quoc Le},
    booktitle={International Conference on Machine Learning},
    title={ Understanding and simplifying one-shot architecture search},
    year={2018},
    pages={549-558},
}

@INPROCEEDINGS{Mself,
    author={Zechun Liu and Haoyuan Mu and Xiangyu Zhang and Zichao Guo and Xin Yang and Tim Kwang-Ting Cheng and Jian Sun},
    title={MetaPruning: Meta Learning for Automatic Neural Network Channel Pruning},
    booktitle={Proceedings of the IEEE International Conference on Computer Vision},
    year={2019},
    pages={},
}

@INPROCEEDINGS{M19,
    author={Kaiming He and Xiangyu Zhang and Shaoqing Ren and Jian Sun},
    title={Deep residual learning for image recognition},
    booktitle={Proceedings of the IEEE conference on computer vision and pattern recognition},
    year={2016},
    pages={770-778},
}

@INPROCEEDINGS{M14,
    author={Yiwen Guo and Anbang Yao and Yurong Chen},
    title={Dynamic network surgery for efficient dnns},
    booktitle={Conference on Neural Information Processing Systems},
    year={2016},
    pages={1379-1387},
}

@ARTICLE{M16,
  author={Song Han and Huizi Mao and William J Dally},  
  title={Deep compression: Compressing deep neural networks with pruning, trained quantization and huffman coding},
  journal={arXiv:1510.00149},   
  year={2015},  
}

@INPROCEEDINGS{M18,
    author={Babak Hassibi and David G Stork and Gregory J Wolff},
    title={Optimal brain surgeon and general network pruning},
    booktitle={IEEE international conference on neural networks},
    year={1993},
    pages={293-299},
}

@INPROCEEDINGS{SFT,
    author={Yang He and Guoliang Kang and Xuanyi Dong and Yanwei Fu and Yi Yang},
    title={Soft Filter Pruning for Accelerating Deep Convolutional Neural Networks},
    booktitle={Proceedings of the 27th International Joint Conference on Artificial Intelligence},
    year={2018},
    pages={2234-2240},
}

@INPROCEEDINGS{NS,
  author={Liu, Zhuang and Li, Jianguo and Shen, Zhiqiang and Huang, Gao and Yan, Shoumeng and Zhang, Changshui},
  booktitle={IEEE International Conference on Computer Vision}, 
  title={Learning Efficient Convolutional Networks through Network Slimming}, 
  year={2017},
  volume={},
  number={},
  pages={2755-2763},
}

@INPROCEEDINGS{M8,
    author={Changan Chen and Frederick Tung and Naveen Vedula and Greg Mor},
    title={Constraint-aware deep neural network compression},
    booktitle={Proceedings of the European Conference on Computer Vision},
    year={2018},
    pages={400-415},
}


@INPROCEEDINGS{M12,
    author={Jin-Dong Dong and An-Chieh Cheng and Da-Cheng Juan and Wei Wei and Min Sun},
    title={Dpp-net: Device-aware progressive search for pareto-optimal neural architectures},
    booktitle={Proceedings of the European Conference on Computer Vision},
    year={2018},
    pages={517-531},
}

@ARTICLE{M15,
  author={David Ha and Andrew Dai and Quoc V Le},  
  title={Hypernetworks},   
  journal={arXiv:1609.09106},   
  year={2016},  
}

@INPROCEEDINGS{OFA,
    author={Han Cai and Chuang Gan and Tianzhe Wang and Zhekai Zhang and Song Han},
    title={Once-for-All: Train One Network and Specialize it for Efficient Deployment},
    booktitle={International Conference on Learning Representations},
    year={2020},
    pages={},
}

@INPROCEEDINGS{lottery,
    author={Jonathan Frankle and Michael Carbin},
    title={The Lottery Ticket Hypothesis: Finding Sparse, Trainable Neural Networks},
    booktitle={International Conference on Learning Representations},
    year={2019},
    pages={},
}

@inproceedings{banksparse,
    author = {Wang, Shuo and Li, Zhe and Ding, Caiwen and Yuan, Bo and Qiu, Qinru and Wang, Yanzhi and Liang, Yun},
    title = {C-LSTM: Enabling Efficient LSTM Using Structured Compression Techniques on FPGAs},
    booktitle = {Proceedings of the 2018 ACM/SIGDA International Symposium on Field-Programmable Gate Arrays},
    year = {2018},
    pages = {11–20},
}

@inproceedings{ese,
    author={Song Han and Junlong Kang and Huizi Mao and Yiming Hu and Xin Li and Y. Li and Dongliang Xie and Hong Luo and Song Yao and Y. Wang and H. Yang and W. Dally},
    title = {ESE: Efficient Speech Recognition Engine with Compressed LSTM on FPGA},
    booktitle = {Proceedings of the 2017 ACM/SIGDA International Symposium on Field-Programmable Gate Arrays},
    year = {2018},
}

@INPROCEEDINGS{thinet,
    author={Jian-Hao Luo and Jianxin Wu and Weiyao Lin},
    title={Thinet: A filter level pruning method for deep neural network compression},
    booktitle={Proceedings of the IEEE international conference on computer vision},
    year={2017},
    pages={5058-5066},
}

@INPROCEEDINGS{MiL,
  author={Dong, Xuanyi and Huang, Junshi and Yang, Yi and Yan, Shuicheng},
  booktitle={2017 IEEE Conference on Computer Vision and Pattern Recognition}, 
  title={More is Less: A More Complicated Network with Less Inference Complexity}, 
  year={2017},
  volume={},
  number={},
  pages={1895-1903},
}

@INPROCEEDINGS{inception,
    author={Szegedy and Christian and Vanhoucke and Vincent and Ioffe and Sergey and Shlens and Jonathon and Wojna and Zbigniew},
    title={Rethinking the Inception Architecture for Computer Vision},
    booktitle={2016 IEEE Conference on Computer Vision and Pattern Recognition},
    year={2016},
}

@INPROCEEDINGS{Zagoruyko,
    author={Sergey Zagoruyko and Nikos Komodakis},
    title={Wide residual networks},
    booktitle={The British Machine Vision Conference},
    year={2016},
    pages={},
}

@INPROCEEDINGS{kaiming,
    author={Kaiming He and Xiangyu Zhang and Shaoqing Ren and Jian Sun},
    title={Identity mappings in deep residual networks},
    booktitle={Proceedings of the European Conference on Computer Vision},
    year={2016},
    pages={},
}

@INPROCEEDINGS{pax,
    author={Adam Paszke and Sam Gross and Soumith Chintala and Gregory Chanan and Edward Yang and Zachary DeVito and Zeming Lin and Alban Desmaison and Luca Antiga and Adam Lerer},
    title={Automatic differentiation in pytorch},
    booktitle={Conference on Neural Information Processing Systems},
    year={2017},
    pages={},
}

@ARTICLE{yolov3,
  author={Joseph Redmon and Ali Farhadi},  
  title={YOLOv3: An Incremental Improvement},   
  journal={arXiv:1804.02767},   
  year={2018},  
}

@INPROCEEDINGS{deeplabv3,
    author={Liang-Chieh Chen and Yukun Zhu and George Papandreou and Florian Schroff and Hartwig Adam},
    title={Encoder-Decoder with Atrous Separable Convolution for Semantic Image Segmentation},
    booktitle={Proceedings of the European Conference on Computer Vision},
    year={2018},
    pages={},
}

@INPROCEEDINGS{mask-rcnn,
  author={He, Kaiming and Gkioxari, Georgia and Dollár, Piotr and Girshick, Ross},
  booktitle={2017 IEEE International Conference on Computer Vision}, 
  title={Mask R-CNN}, 
  year={2017},
  volume={},
  number={},
  pages={2980-2988},
}

@article{ADMM,
   title={A Systematic DNN Weight Pruning Framework Using Alternating Direction Method of Multipliers},
   journal={Lecture Notes in Computer Science},
   author={Zhang, Tianyun and Ye, Shaokai and Zhang, Kaiqi and Tang, Jian and Wen, Wujie and Fardad, Makan and Wang, Yanzhi},
   year={2018},
   pages={191–207}
}

@INPROCEEDINGS{cambricon,
  author={Zhang, Shijin and Du, Zidong and Zhang, Lei and Lan, Huiying and Liu, Shaoli and Li, Ling and Guo, Qi and Chen, Tianshi and Chen, Yunji},
  booktitle={2016 49th Annual IEEE/ACM International Symposium on Microarchitecture (MICRO)}, 
  title={Cambricon-X: An accelerator for sparse neural networks}, 
  year={2016},
  pages={1-12},}



